@misc{Orfanidis,
    author =        {Sophocles J. Orfanidis},
    title =         {Electromagnetic Waves and Antennas},
    howpublished = "Website",
    year =          2010,
    pages =         2,
    note =          {\url{http://www.ece.rutgers.edu/~orfanidi/ewa}}
    }

@misc{Nyquist,
   title = {Sampling theory},
   howpublished = "Website",
   note = {\url{http://en.wikipedia.org/wiki/Nyquist%E2%80%93Shannon_sampling_theorem}}
}

@misc{wavelet,
   title = {Wavelet Processing},
   howpublished = "Website",
   note = {\url{http://en.wikipedia.org/wiki/Wavelet}}
}

@misc{DSP,
   title = {Digital Signal Processing},
   howpublished = "Website",
   note = {\url{http://en.wikipedia.org/wiki/Digital_signal_processing}}
}

@misc{Huygens,
   title = {Wave theory},
   howpublished = "Website",
   note = {\url{http://en.wikipedia.org/wiki/Huygens-Fresnel_principle}}
}

@misc{Wikipedia,
    title =         {Talk: Poynting vector},
    howpublished = "Website",
    year =          2011,
    pages =         2,
    note =          {\url{http://en.wikipedia.org/wiki/Talk%3APoynting_vector}}
    }

@misc{Photon,
    title =         {Photon},
    howpublished = "Website",
    year =          2011,
    pages =         1,
    note =          {\url{http://en.wikipedia.com/wiki/Photon}}
    }

@BOOK{Krieg,
    author =        {Wendell J. S. Krieg Ph.D.},
    title =         {Functional Neuroanatomy},
    publisher =     {The Blakiston Company, Philadelphia},
    year = 1942,
    isbn =          {0721691277}
    }

@BOOK{GraysAnatomy,
    author =        {Henry Gray},
    title =         {Gray's Anatomy},
    edition =       {35th British},
    isbn =          {0721691277}
    }

@BOOK{Dowling,
    author =        {John E. Dowling},
    organization =  {Harvard},
    title =         {Neurons and Networks: An introduction to behavioral neuroscience},
    publisher =     {Belknap Press of Harvard University Press},
    edition =       {Second},
    year =          2001,
    pages =         592,
    isbn =          {978-0674004627}
    }

@BOOK{Schott,
    author =        {John R. Schott},
    organization =  {Rochester Institute of Technology},
    title =         {Remote Sensing},
    publisher =     {Oxford},
    edition =       {Second},
    year =          2007,
    pages =         76,
    isbn =          {978-0-19-517817-3}
    }

@BOOK{Halliday,
    author =        {Halliday and Resnick},
    title =         {Fundamentals of Physics},
    publisher =     {J. Wiley},
    year =          1970,
    pages =         650,
    isbn =          {SBN 471 34430 3}
    }

@BOOK{Purcell,
    author =        {Edward M. Purcell},
    series =        {Berkeley Physics},
    title =         {Electricity and Magnetism},
    volume =        2,
    publisher =     {McGraw Hill},
    year =          1965,
    pages =         265,
    isbn =          {978-0070048591}
    }

@BOOK{Hecht,
    author =        {Eugene Hecht},
    title =         {Optics},
    edition =       {Fourth},
    publisher =     {Addison Wesley},
    year =          2002,
    pages =         47,
    isbn =          {0-8053-8566-5}
    }

@BOOK{CajalHistology,
    author =        {Santiago Ram\'{o}n y Cajal},
    title =         {Histology of the Nervous System of Man and Vertebrates},
    publisher =     {Oxford},
    page =          {145},
    isbn =          {ISBN 0-19-507401-7},
    note =          {English translation 1995 by Swanson and Swanson, original completed in 1904}
}

@misc{Orfanidis,
    author =        {Sophocles J. Orfanidis},
    title =         {Electromagnetic Waves and Antennas},
    howpublished = "Website",
    year =          2010,
    pages =         2,
    note =          {\url{http://www.ece.rutgers.edu/~orfanidi/ewa}}
    }

@misc{Wikipedia,
    title =         {Talk: Poynting vector},
    howpublished = "Website",
    year =          2011,
    pages =         2,
    note =          {\url{http://en.wikipedia.org/wiki/Talk%3APoynting_vector}}
    }

@misc{Photon,
    title =         {Photon},
    howpublished = "Website",
    year =          2011,
    pages =         1,
    note =          {\url{http://en.wikipedia.com/wiki/Photon}}
    }

@BOOK{Schott,
    author =        {John R. Schott},
    organization =  {Rochester Institute of Technology},
    title =         {Remote Sensing},
    publisher =     {Oxford},
    edition =       {Second},
    year =          2007,
    pages =         76,
    isbn =          {978-0-19-517817-3}
    }

@BOOK{Halliday,
    author =        {Halliday and Resnick},
    title =         {Fundamentals of Physics},
    publisher =     {J. Wiley},
    year =          1970,
    pages =         650,
    isbn =          {SBN 471 34430 3}
    }

@BOOK{Purcell,
    author =        {Edward M. Purcell},
    series =        {Berkeley Physics},
    title =         {Electricity and Magnetism},
    volume =        2,
    publisher =     {McGraw Hill},
    year =          1965,
    pages =         265,
    isbn =          {978-0070048591}
    }

@BOOK{Hecht,
    author =        {Eugene Hecht},
    title =         {Optics},
    edition =       {Fourth},
    publisher =     {Addison Wesley},
    year =          2002,
    pages =         47,
    isbn =          {0-8053-8566-5}
    }
@BOOK{Shkolnik-Yarros,
    author =        {Ekaterina Shkolnik-Yarros},
    title =         {Neurons and Interneuronal Connection of the Central Visual System},
    year =          {1971},
    isbn =          {ISBN 978-0306304293}
}

@BOOK{CajalAdvice,
    author =        {Santiago Ram\'{o}n y Cajal},
    title =         {Advice for a Young Investigator},
    isbn =          {ISBN 0-262-18191-6}
}

@BOOK{CajalIdeas,
    author =        {Santiago Ram\'{o}n y Cajal},
    title =         {New Ideas on the Structure of the Nervous System in Vertebrates},
    isbn =          {ISBN 0-262-03166-3}
}

@ARTICLE{DeeringPhoton,
    author =        {Michael F. Deering},
    title =         {A Photon Accurate Model of the Human Eye},
    journal =       {SIGGRAPH},
    year =          {2005},
    month =         {October 2},
}

@BOOK{NozickInvariances,
    author =        {Robert Nozick},
    title =         {Invariances, The Structure of the Objective World},
    publisher = {Belknap Press},
    year = {2001},
    month = {October},
    isbn =          {ISBN 0-674-00631-3}
}

@BOOK{WaxmanAxons,
    editor =        {Stephen G. Waxman},
    title =         {Physiology and Pathobiology of Axons},
    isbn =          {ISBN 0-89004-215-2}
}

@ARTICLE{WigginsWater,
    author =        {Phillipa Wiggins},
    title =         {Role of Water in Some Biological Processes},
    journal =       {Microbiological Reviews},
    year =          {1990},
    number =        {54},
    pages =         {432-449}
}

@BOOK{PollackWater,
    author =        {Gerald Pollack},
    title =         {Water and the Cell},
    isbn =          {ISBN 978-1-4020-4926-2}
}

@BOOK{PollackPhase,
    author =        {Gerald Pollack},
    title =         {Phase Transitions in Cell Biology},
    isbn =          {ISBN 978-1-4020-8650-2}
}

@ARTICLE{HotulainenTubulinTerminal,
    author =        {Pirta Hotulainen and Casper C. Hoogenraad},
    title =         {Actin in dendritic spines: connecting dynamics to function},
    journal =       {Journal of Cell Biology: Review},
    year =          {2010},
    month =         {May},
    volume =        {189},
    number =        {4},
    pages =         {619-629}
}

@ARTICLE{LettvinMultipleMeanings,
    author =        {Jerome Y. Lettvin et. al.},
    title =         {Multiple Meanings in Single Visual Units},
    journal =       {Brain, Behavior, and Evolution},
    year =          {1970},
    volume =        {3},
    pages =         {72-101}
}

@ARTICLE{LettvinSeenMovement,
    author =        {Jerome Y. Lettvin et. al.},
    title =         {How seen movement appears in the frog's optic nerve},
    journal =       {Federation Proceedings},
    year =          {1959},
    month =         {march},
    volume =        {18},
    number =        {1},
    pages =         {393-354}
}

@ARTICLE{LettvinFrogsEye,
    author =        {Jerome Y. Lettvin et. al.},
    title =         {What the frog's eye tells the frog's brain},
    journal =       {Proceedings of the IRE},
    year =          {1959},
    month =         {november},
    volume =        {47},
    number =        {11},
    pages =         {1940-1951}
}

@ARTICLE{Searle,
    author =        {Campbell L. Searle and Jonathan D. Lettvin},
    title =         {Mechanism of Signalling in Neurons},
    journal =       {Unpublished}
}
